<mx:record xmlns="http://www.w3.org/TR/xhtml1/strict" xmlns:mx="http://www.loc.gov/MARC21/slim" xmlns:xsi="http://www.w3.org/2001/XMLSchema-instance"><mx:leader>00000cz   2200000n  0000</mx:leader><mx:controlfield tag="001">oca01748042 </mx:controlfield><mx:controlfield tag="005">20081204071416.0</mx:controlfield><mx:controlfield tag="008">840611n| acannaabn          |a aaa      </mx:controlfield><mx:datafield ind1=" " ind2=" " tag="010"><mx:subfield code="a">n  84080833</mx:subfield></mx:datafield><mx:datafield ind1=" " ind2=" " tag="040"><mx:subfield code="a">DLC</mx:subfield><mx:subfield code="b">eng</mx:subfield><mx:subfield code="c">DLC</mx:subfield><mx:subfield code="d">DLC</mx:subfield><mx:subfield code="d">OCoLC</mx:subfield></mx:datafield><mx:datafield ind1="0" ind2=" " tag="100"><mx:subfield code="a">Olympiodorus,</mx:subfield><mx:subfield code="d">ca. 380-ca. 425</mx:subfield></mx:datafield><mx:datafield ind1="0" ind2=" " tag="400"><mx:subfield code="a">Olimpiodoro Tebano,</mx:subfield><mx:subfield code="d">ca. 380-ca. 425</mx:subfield></mx:datafield><mx:datafield ind1="0" ind2=" " tag="400"><mx:subfield code="a">Olympiodori Thebani,</mx:subfield><mx:subfield code="d">ca. 380-ca. 425</mx:subfield></mx:datafield><mx:datafield ind1=" " ind2=" " tag="670"><mx:subfield code="a">Blockley, R. C. The fragmentary classicising historians of the later Roman Empire, 1983-</mx:subfield></mx:datafield><mx:datafield ind1=" " ind2=" " tag="670"><mx:subfield code="a">Author&amp;#039;s Frammenti storici, 1979:</mx:subfield><mx:subfield code="b">t.p. (Olimpiodoro Tebano) p. 63 (Olympiodori Thebani)</mx:subfield></mx:datafield><mx:datafield ind1=" " ind2=" " tag="999"><mx:subfield code="a">266</mx:subfield></mx:datafield></mx:record>